/Users/ashiklom/Dropbox/references/zotero-library.bib